@webpage{translator,
author = "Microsoft",
title = "Microsoft Translator - Text Translation",
organization = "Microsoft",
url = "https://datamarket.azure.com/dataset/bing/microsofttranslator",
refdate = "2016-04-21"
}
